<record><leader>00000cas a2200000 a 4500</leader><controlfield tag="001">19075855</controlfield><controlfield tag="008">890127d1927192utnucr ne      0    0eng d</controlfield><datafield ind1=" " ind2=" " tag="010"><subfield code="a">sn 89058135 </subfield></datafield><datafield ind1=" " ind2=" " tag="040"><subfield code="a">KNP</subfield><subfield code="b">eng</subfield><subfield code="c">KNP</subfield><subfield code="d">TGN</subfield><subfield code="d">OCL</subfield><subfield code="d">OCLCQ</subfield><subfield code="d">OCLCF</subfield><subfield code="d">OCLCO</subfield></datafield><datafield ind1=" " ind2=" " tag="042"><subfield code="a">msc</subfield></datafield><datafield ind1=" " ind2=" " tag="043"><subfield code="a">n-us-tn</subfield></datafield><datafield ind1="0" ind2="0" tag="245"><subfield code="a">Putnam County herald and Upper Cumberland news.</subfield></datafield><datafield ind1="3" ind2="0" tag="246"><subfield code="a">Putnam County herald</subfield></datafield><datafield ind1="3" ind2="0" tag="246"><subfield code="a">Upper Cumberland news</subfield></datafield><datafield ind1=" " ind2=" " tag="260"><subfield code="a">Cookeville, Tenn. :</subfield><subfield code="b">[Cookeville Print. Co.],</subfield><subfield code="c">1927-</subfield></datafield><datafield ind1=" " ind2=" " tag="300"><subfield code="a">v.</subfield></datafield><datafield ind1=" " ind2=" " tag="310"><subfield code="a">Semiweekly</subfield></datafield><datafield ind1="0" ind2=" " tag="362"><subfield code="a">Vol. 25, no. 13 (Feb. 17, 1927)-</subfield></datafield><datafield ind1=" " ind2=" " tag="580"><subfield code="a">Formed by the union of: Semi-weekly Putnam County herald, and: Upper Cumberland news.</subfield></datafield><datafield ind1=" " ind2="0" tag="651"><subfield code="a">Cookeville (Tenn.)</subfield><subfield code="v">Newspapers.</subfield></datafield><datafield ind1=" " ind2="0" tag="651"><subfield code="a">Putnam County (Tenn.)</subfield><subfield code="v">Newspapers.</subfield></datafield><datafield ind1=" " ind2="7" tag="655"><subfield code="a">Newspapers.</subfield><subfield code="2">fast</subfield><subfield code="0">(OCoLC)fst01423814</subfield></datafield><datafield ind1=" " ind2="7" tag="651"><subfield code="a">Tennessee</subfield><subfield code="z">Cookeville.</subfield><subfield code="2">fast</subfield><subfield code="0">(OCoLC)fst01208239</subfield></datafield><datafield ind1=" " ind2="7" tag="651"><subfield code="a">Tennessee</subfield><subfield code="z">Putnam County.</subfield><subfield code="2">fast</subfield><subfield code="0">(OCoLC)fst01222603</subfield></datafield><datafield ind1=" " ind2=" " tag="752"><subfield code="a">United States</subfield><subfield code="b">Tennessee</subfield><subfield code="c">Putnam</subfield><subfield code="d">Cookeville.</subfield></datafield><datafield ind1="1" ind2="4" tag="780"><subfield code="t">Semi-weekly Putnam County herald</subfield><subfield code="w">(DLC)sn 89058134</subfield></datafield><datafield ind1="1" ind2="4" tag="780"><subfield code="t">Upper Cumberland news</subfield><subfield code="w">(DLC)sn 98069667</subfield></datafield><datafield ind1="0" ind2="0" tag="785"><subfield code="t">Putnam County herald (Cookeville, Tenn. : 1930)</subfield><subfield code="w">(DLC)sn 89058132</subfield></datafield></record>